% This file was created with JabRef 2.7b.
% Encoding: UTF-8

@INPROCEEDINGS{Andjelkovic2008,
  author = {Andjelkovic, Jelena and Zivic, Natasa and Reljin, Branimir and Celebic,
	Vladimir and Salom, Iva},
  title = {Classifications of digital medical images with multifractal analysis},
  booktitle = {Proceedings of the 8th conference on Signal, Speech and image processing},
  year = {2008},
  series = {SSIP'08},
  pages = {88--92},
  address = {Stevens Point, Wisconsin, USA},
  publisher = {World Scientific and Engineering Academy and Society (WSEAS)},
  acmid = {1503938},
  isbn = {978-960-6474-008-6},
  keywords = {FracLab, FracLac, carcinomas, fractals, h\~{o}lder-ov exponent, medical
	images, multifractals},
  location = {Santander, Cantabria, Spain},
  numpages = {5}
}

@INPROCEEDINGS{Baravalle2012_2,
  author = {Rodrigo Baravalle and Claudio Delrieux and Juan Carlos G\'omez},
  title = {Bread crumb classification using fractal and multifractal features},
  year = {2012},
  series = {Proceedings of the X Congreso Argentino de Mecánica Computacional
	(MECOM 2012)},
  pages = {3013 -- 3025},
  location = {Salta, Argentina}
}

@INPROCEEDINGS{Bosch2011,
  author = {Bosch, Marc and Zhu, Fengqing and Khanna, Nitin and Boushey Carol,
	J. and Delp, Edward J.},
  title = {Food Texture Descriptors Based on Fractal and Local Gradient Information},
  booktitle = {Proceedings of the XIX European Signal Processing Conference},
  year = {2011},
  series = {EUSIPCO 2011},
  location = {Barcelona, Spain},
  pages = {764 -- 768},
}

@ARTICLE{Breiman2001,
  author = {Breiman, Leo},
  title = {Random Forests},
  journal = {Mach. Learn.},
  year = {2001},
  volume = {45},
  pages = {5--32},
  number = {1},
  month = oct,
  acmid = {570182},
  address = {Hingham, MA, USA},
  issn = {0885-6125},
  issue_date = {October 1 2001},
  keywords = {classification, ensemble, regression},
  numpages = {28},
  publisher = {Kluwer Academic Publishers}
}

@misc{Chang2011,
  author = {Chang, Chih-Chung and Lin, Chih-Jen},
  title = {{LIBSVM}: A library for support vector machines},
  year = {2001},
  note = {Available at \url{http://www.csie.ntu.edu.tw/$\sim$cjlin/libsvm}},
}

@INPROCEEDINGS{Fan2006,
  author = {Fan, Y. and Zhang, H.},
  title = {Application of {Gabor} Filter and Multi-class {SVM} in Baking Bread Quality
	Classification},
  booktitle = {Mechatronics and Automation, Proceedings of the 2006 IEEE International
	Conference on},
  year = {2006},
  pages = {1498 -1502},
  month = {june},
  keywords = {Gabor filter;Gray images;baking bread quality classification;image
	texture;support vector machines;Gabor filters;feature extraction;image
	texture;support vector machines;}
}

@INPROCEEDINGS{FeiFei04,
  author = {Fei-Fei, L. and Fergus, R. and Perona, P.},
  title = {Learning generative visual models from few training examples an incremental
	Bayesian approach tested on 101 object categories},
  booktitle = {Proceedings of the Workshop on Generative-Model Based Vision},
  year = {2004},
  address = {Washington, DC},
  month = {June}
}

@ARTICLE{Gonzales2008,
  author = {Gonzales-Barron, Ursula and Butler, Francis},
  title = {Fractal texture analysis of bread crumb digital images},
  journal = {European Food Research and Technology},
  year = {2008},
  volume = {226},
  pages = {721-729},
  affiliation = {Biosystems Engineering, School of Agriculture, Food Science and Veterinary
	Medicine, University College Dublin, Earlsfort Terrace, Dublin 2,
	Ireland},
  issn = {1438-2377},
  issue = {4},
  keyword = {Chemistry and Materials Science},
  publisher = {Springer Berlin / Heidelberg}
}

@ARTICLE{Haralick73,
  author = {Haralick, Robert M. and Shanmugam, K. and Dinstein, Its'Hak},
  title = {{Textural Features for Image Classification}},
  journal = {Systems, Man and Cybernetics, IEEE Transactions on},
  year = {1973},
  volume = {SMC-3},
  pages = {610--621},
  number = {6},
  month = nov,
  booktitle = {Systems, Man and Cybernetics, IEEE Transactions on},
  issn = {0018-9472},
  keywords = {features, grayscale, ieeestuck, interlending, texture},
  publisher = {IEEE}
}

@ARTICLE{Huang95,
  author = {Liang-Kai Huang and Mao-Jiun J. Wang},
  title = {Image thresholding by minimizing the measures of fuzziness},
  journal = {Pattern Recognition},
  year = {1995},
  volume = {28},
  pages = {41 - 51},
  number = {1},
  issn = {0031-3203},
  keywords = {Image thresholding}
}

@BOOK{Kohonen2001,
  title = {Self-Organizing Maps},
  publisher = {Springer-Verlag New York, Inc.},
  year = {2001},
  author = {Kohonen, T. and Schroeder, M. R. and Huang, T. S.},
  address = {Secaucus, NJ, USA},
  edition = {3rd},
}

@ARTICLE{Lowe2004,
  author = {Lowe, David G.},
  title = {Distinctive Image Features from Scale-Invariant Keypoints},
  journal = {Int. J. Comput. Vision},
  year = {2004},
  volume = {60},
  pages = {91--110},
  number = {2},
  month = nov,
  address = {Hingham, MA, USA},
  issn = {0920-5691},
  issue_date = {November 2004},
  keywords = {image matching, invariant features, object recognition, scale invariance},
  numpages = {20},
  publisher = {Kluwer Academic Publishers}
}

@ARTICLE{Mandelbrot89,
  author = {Mandelbrot, B. B.},
  title = {Multifractal measures, especially for the geophysicist},
  journal = {Pure and Applied Geophysics},
  year = {1989},
  volume = {131},
  pages = {5--42},
  month = mar
}

@BOOK{Mandelbrot83,
  title = {The fractal geometry of nature},
  publisher = {W.H. Freeman},
  year = {1982},
  author = {Mandelbrot, Benoit B.},
  edition = {1},
  month = aug,
  howpublished = {Hardcover},
  address = "New York",
  keywords = {dimensions, fractals, geometry, mathematics}
}

@ARTICLE{Mendoza2010,
  author = {Mendoza, Fernando and Verboven, Pieter and Ho, Quang T. and Kerckhofs,
	Greet and Wevers, Martin and Nicola\"{i}, Bart},
  title = {Multifractal properties of pore-size distribution in apple tissue
	using X-ray imaging},
  journal = {Journal of Food Engineering},
  year = {2010},
  volume = {99},
  pages = {206 - 215},
  number = {2},
  month = feb,
  issn = {02608774}
}

@INPROCEEDINGS{Ojala96,
  author = {Ojala, T. and Pietikainen, M. and Harwood, D.},
  title = {Performance evaluation of texture measures with classification based
	on {Kullback} discrimination of distributions},
  booktitle = {Pattern Recognition, 1994. Vol. 1 - Conference A: Computer Vision
	\& Image Processing., Proceedings of the 12th IAPR International
	Conference on},
  year = {1994},
  volume = {1},
  pages = {582-585},
  keywords = {image texture;Kullback discrimination;classification;complementary
	features;one-dimensional feature value distributions;performance
	evaluation;texture measures;Analysis of variance;Autocorrelation;Automation;Distributed
	computing;Electric variables measurement;Histograms;Image texture
	analysis;Performance evaluation;Prototypes;Rotation measurement}
}

@BOOK{Peitgen2004,
  title = {Chaos and fractals: new frontiers of science},
  publisher = {Springer},
  year = {2004},
  author = {Peitgen, Heinz-Otto and J\"urgens, Hartmut and Saupe, Dietmar},
  address = "New York, Berlin, Paris",
  keywords = {fidelitybook, media, social},
}

@ARTICLE{Quevedo2002,
  author = {Roberto Quevedo and López-G. Carlos and José M. Aguilera and Laura
	Cadoche},
  title = {Description of food surfaces and microstructural changes using fractal
	image texture analysis},
  journal = {Journal of Food Engineering},
  year = {2002},
  volume = {53},
  pages = {361 - 371},
  number = {4},
  issn = {0260-8774},
  keywords = {Surface}
}

@ARTICLE{Serrano2012,
  author = {Serrano, S and Per\'an, F and Jim\'enez-Hornero, F J and Guti\'errez
	de Rav\'e, E},
  title = {Multifractal analysis application to the characterization of fatty
	infiltration in {Iberian} and {White} pork sirloins.},
  journal = {Meat Science},
  year = {2012},
  volume = {93},
  pages = {723-732},
  number = {3},
  issn = {1873-4138}
}

@INPROCEEDINGS{Silvetti2010,
  author = {Silvetti, Andrea and Delrieux, Claudio},
  title = {Multifractal Analysis of Medical Images.},
  year = {2010},
  series = { Actas de la trig\'esimo novena Jornada Argentina de Inform\'atica
	e Investigaci\'on Operativa (JAIIO)},
  pages = {1575 -- 1581},
  location = {Ciudad Aut\'onoma de Buenos Aires, Argentina}
}

@INPROCEEDINGS{Wendt2009,
  author = {Wendt, H. and Abry, P. and Jaffard, S. and Hui Ji and Zuowei Shen},
  title = {Wavelet Leader multifractal analysis for texture classification},
  booktitle = {16th IEEE International Conference Image Processing (ICIP)},
  year = {2009},
  pages = {3829 -3832},
  month = {nov.},
  keywords = {2D multifractal analysis;image classification;k nearest neighbor classification;texture
	classification;wavelet leader multifractal analysis;fractals;image
	classification;image texture;wavelet transforms;},
  optissn = {1522-4880}
}

@ARTICLE{White83,
  author = {White, J. M. and Rohrer, G. D.},
  title = {Image thresholding for optical character recognition and other applications
	requiring character image extraction},
  journal = {IBM J. Res. Dev.},
  year = {1983},
  volume = {27},
  pages = {400--411},
  number = {4},
  month = jul,
  acmid = {1665024},
  address = {Riverton, NJ, USA},
  issn = {0018-8646},
  issue_date = {July 1983},
  numpages = {12},
  publisher = {IBM Corp.}
}

@ARTICLE{Xu2009,
  author = {Xu, Yong and Ji, Hui and Ferm\"{u}ller, Cornelia},
  title = {Viewpoint Invariant Texture Description Using Fractal Analysis},
  journal = {Int. J. Comput. Vision},
  year = {2009},
  volume = {83},
  pages = {85--100},
  number = {1},
  month = jun,
  address = {Hingham, MA, USA},
  issn = {0920-5691},
  issue_date = {June 2009},
  keywords = {Fractal dimension, Multi-fractal spectrum, Texture classification,
	Texture description, Viewpoint invariance},
  numpages = {16},
  publisher = {Kluwer Academic Publishers}
}

@INPROCEEDINGS{Yu2011,
  author = {Lei Yu and Dawei Qi},
  title = {Holder exponent and multifractal spectrum analysis in the pathological
	changes recognition of medical {CT} image},
  booktitle = {Control and Decision Conference (CCDC), 2011 Chinese},
  year = {2011},
  pages = {2040 -2045},
  month = {may},
  keywords = {Holder exponent;clinical diagnosis;digital image management area;digital
	image processing;edge recognition;image pixels;medical CT image;medical
	radiative testing;multifractal spectrum analysis;multifractal theory;pathological
	changes recognition;singular edge point;smoothing edge point;computerised
	tomography;edge detection;medical image processing;patient diagnosis;smoothing
	methods;}
}

@INPROCEEDINGS{Zong2010,
  author = {Zong, Zhimin and Nguyen, Duc Thanh and Ogunbona, Philip and Li, Wanqing},
  title = {On the Combination of Local Texture and Global Structure for Food
	Classification},
  booktitle = {Proceedings of the 2010 IEEE International Symposium on Multimedia},
  year = {2010},
  series = {ISM '10},
  pages = {204--211},
  address = {Washington, DC, USA},
  publisher = {IEEE Computer Society},
  acmid = {1935433},
  isbn = {978-0-7695-4217-1},
  keywords = {Local binary pattern, shape context, food classification},
  numpages = {8}
}

@article{Hunter58,
    author = {Hunter, Richard S.},
    journal = {J. Opt. Soc. Am.},
    keywords = {color, hunter, space},
    month = dec,
    number = {12},
    pages = {985--993},
    publisher = {OSA},
    title = {{Photoelectric Color Difference Meter}},
    volume = {48},
    year = {1958}
}

